% Encoding: UTF-8

@Online{ULPLA2017,
  author = {UL},
  title  = {Polylactic Acid (PLA) Typical Properties},
  date   = {2017-07-19},
  url    = {https://plastics.ulprospector.com/generics/34/c/t/polylactic-acid-pla-properties-processing},
}

@Online{ULABS2017,
  author = {UL},
  title  = {Acrylonitrile Butadiene Styrene (ABS) Typical Properties Generic ABS},
  date   = {2017-07-19},
  url    = {https://plastics.ulprospector.com/generics/1/c/t/acrylonitrile-butadiene-styrene-abs-properties-processing},
}

@Patent{Crump1992,
  author    = {Crump, S.S.},
  title     = {Apparatus and method for creating three-dimensional objects},
  number    = {US 5121329 A},
  year      = {1992},
  note      = {US Patent 5,121,329},
  month     = jun #{~9},
  url       = {https://www.google.com/patents/US5121329},
  publisher = {Google Patents},
}

@Online{slic3rManual2017,
  author = {Gary Hodgson and Alessandro Ranellucci and Jeff Moe},
  title  = {Slic3r Manual - Infill Patterns and Density},
  year   = {2017},
  url    = {http://manual.slic3r.org/expert-mode/infill},
}

@Online{simplify3dPrintQuality2017,
  author = {Simplify3D},
  title  = {Simplify3D - Print Quality Troubleshooting Guide},
  year   = {2017},
  url    = {https://www.simplify3d.com/support/print-quality-troubleshooting/},
}

@Article{Azimi2016,
  author    = {Parham Azimi and Dan Zhao and Claire Pouzet and Neil E. Crain and Brent Stephens},
  title     = {Emissions of Ultrafine Particles and Volatile Organic Compounds from Commercially Available Desktop Three-Dimensional Printers with Multiple Filaments},
  journal   = {Environmental Science {\&} Technology},
  year      = {2016},
  volume    = {50},
  number    = {3},
  month     = feb,
  pages     = {1260--1268},
  doi       = {10.1021/acs.est.5b04983},
  publisher = {American Chemical Society ({ACS})},
}

@Article{Tokiwa2009,
  author    = {Yutaka Tokiwa and Buenaventurada P. Calabia and Charles U. Ugwu and Seiichi Aiba},
  title     = {Biodegradability of Plastics},
  journal   = {International Journal of Molecular Sciences},
  year      = {2009},
  volume    = {10},
  number    = {9},
  month     = aug,
  pages     = {3722--3742},
  doi       = {10.3390/ijms10093722},
  publisher = {{MDPI} {AG}},
}

@Article{Hearon2013,
  author    = {Keith Hearon and Landon D. Nash and Jennifer N. Rodriguez and Alexander T. Lonnecker and Jeffery E. Raymond and Thomas S. Wilson and Karen L. Wooley and Duncan J. Maitland},
  title     = {A High-Performance Recycling Solution for Polystyrene Achieved by the Synthesis of Renewable Poly(thioether) Networks Derived fromd-Limonene},
  journal   = {Advanced Materials},
  year      = {2013},
  volume    = {26},
  number    = {10},
  month     = nov,
  pages     = {1552--1558},
  doi       = {10.1002/adma.201304370},
  publisher = {Wiley-Blackwell},
}

@Online{ZHIPS2016,
  author = {Zortrax},
  title  = {Material Data Sheet: Z-HIPS},
  year   = {2016},
  url    = {https://zortrax.com/wp-content/uploads/2016/10/Z-HIPS_Material_Data_Sheet_eng.pdf},
}

@Online{Zhenyu2016,
  author = {Zhenyu Bo and Jia Choi},
  title  = {3D Printing of Carbon Fiber-Reinforced Composites},
  year   = {2016},
  url    = {https://www.sigmaaldrich.com/technical-documents/articles/technology-spotlights/3d-printing-of-carbon-fiber-reinforced-composites.html},
}

@Comment{jabref-meta: databaseType:biblatex;}